@book{Sivia2006,
  author = {Sivia, D. S. and Skilling, J.},
  edition = {2nd},
  publisher = {Oxford University Press},
  series = {Oxford Science Publications},
  title = {{Data Analysis - A Bayesian Tutorial}},
  year = 2006
}


